%% This BibTeX bibliography file was created using BibDesk.
%% http://bibdesk.sourceforge.net/

%% Created for Carlisle Rainey at 2016-03-02 11:36:39 -0600 


%% Saved with string encoding Unicode (UTF-8) 



@article{Ahlquist2010,
	Author = {John S. Ahlquist},
	Date-Added = {2015-07-19 23:16:22 +0000},
	Date-Modified = {2015-07-19 23:19:20 +0000},
	Journal = {American Political Science Review},
	Number = {1},
	Pages = {171-188},
	Title = {Building Strategic Capacity: The Political Underpinning of Coordinated Wage Bargaining},
	Volume = {104},
	Year = {2010}}

@article{AlbertAnderson1984,
	Author = {A. Albert and J. A. Anderson},
	Journal = {Biometrika},
	Number = {1},
	Owner = {carlislerainey},
	Pages = {1-10},
	Timestamp = {2014.04.07},
	Title = {On the Existence of Maximum Likelihood Estimates in Logistic Regression Models},
	Volume = {71},
	Year = {1984}}

@unpublished{barrilleaux-rainey-data,
	Author = {Charles Barrilleaux and Carlisle Rainey},
	Date-Added = {2016-03-02 17:27:47 +0000},
	Date-Modified = {2016-03-02 17:29:41 +0000},
	Note = {\url{http://dx.doi.org/10.15139/S3/12130}},
	Title = {Replication data for: The Politics of Need: Examining Governors' Decisions to Oppose the `Obamacare' Medicaid Expansion},
	Year = {2014}}

@article{BarrilleauxRainey2014,
	Author = {Charles Barrilleaux and Carlisle Rainey},
	Date-Added = {2014-09-08 20:04:53 +0000},
	Date-Modified = {2015-08-02 23:43:26 +0000},
	Journal = {State Politics and Policy Quarterly},
	Number = {4},
	Pages = {437-460},
	Title = {The Politics of Need: Examining Governors' Decisions to Oppose the `Obamacare' Medicaid Expansion},
	Volume = {14},
	Year = {2014}}

@article{BDMRiker1982,
	Author = {Bueno de Mesquita, Bruce and William Riker},
	Date-Added = {2014-10-24 10:55:13 +0000},
	Date-Modified = {2014-10-24 10:57:25 +0000},
	Journal = {Journal of Conflict Resolution},
	Number = {2},
	Pages = {283-306},
	Title = {An Assessment of the Merits of Selec- An Assessment of the Merits of Selective Nuclear Proliferation},
	Volume = {26},
	Year = {1982}}

@unpublished{bell-miller-data,
	Author = {Mark S. Bell and Nicholas L. Miller},
	Date-Added = {2016-03-02 17:23:19 +0000},
	Date-Modified = {2016-03-02 17:25:17 +0000},
	Note = {\url{http://hdl.handle.net/1902.1/15892}},
	Title = {Replication data for: Questioning the Stability-Instability Paradox},
	Year = {2011}}

@article{BellMiller2015,
	Author = {Mark S. Bell and Nicholas L. Miller},
	Date-Modified = {2015-07-20 01:17:24 +0000},
	Journal = {Journal of Conflict Resolution},
	Note = {Forthcoming.},
	Number = {1},
	Owner = {carlislerainey},
	Pages = {74-92},
	Timestamp = {2014.04.07},
	Title = {Questioning the Effect of Nuclear Weapons on Conflict},
	Volume = {59},
	Year = {2015}}

@article{BerryBerry1990,
	Author = {Frances Stokes Berry and William D. Berry},
	Journal = {American Political Science Review},
	Number = {2},
	Owner = {carlislerainey},
	Pages = {395-415},
	Timestamp = {2014.03.10},
	Title = {State Lottery Adoptions as Policy Innovations: An Event History Analysis},
	Volume = {84},
	Year = {1990}}

@book{BoxTaio2011,
	Address = {New York},
	Author = {George E. P. Box and George C. Taio},
	Date-Added = {2015-07-21 04:07:43 +0000},
	Date-Modified = {2015-07-21 04:10:22 +0000},
	Publisher = {John Wiley and Sons},
	Title = {Bayesian Inference in Statistical Analysis},
	Year = {2011}}

@article{BrownKaplow2014,
	Author = {Robert L. Brown and Jeffrey M. Kaplow},
	Date-Added = {2015-07-20 00:51:27 +0000},
	Date-Modified = {2015-07-20 00:52:37 +0000},
	Journal = {Journal of Conflict Resolution},
	Number = {3},
	Pages = {402-428},
	Title = {Talking Peace: IAEA Technical Cooperation and Nuclear Proliferation},
	Volume = {58},
	Year = {2014}}

@book{CasellaBerger2002,
	Address = {Pacific Grove, CA},
	Author = {George Casella and Roger L. Berger},
	Date-Added = {2011-11-15 12:56:13 -0500},
	Date-Modified = {2015-10-07 13:19:30 +0000},
	Edition = {2nd},
	Publisher = {Duxbury},
	Title = {Statistical Inference},
	Year = {2002}}

@article{Casellas2008,
	Author = {Jason P. Casellas},
	Date-Added = {2015-07-19 23:38:22 +0000},
	Date-Modified = {2015-07-19 23:50:01 +0000},
	Journal = {Political Research Quarterly},
	Number = {1},
	Pages = {120-131},
	Title = {Coalitions in the House? The Election of Minorities to State Legislatures and Congress},
	Volume = {62},
	Year = {2009}}

@article{CedermeanGleditschHug2013,
	Author = {Lars-Erik Cederman and Kristian Skrede Gleditsch and Simon Hug},
	Date-Added = {2015-07-20 00:48:01 +0000},
	Date-Modified = {2015-07-20 00:50:09 +0000},
	Journal = {Comparative Political Studies},
	Number = {3},
	Pages = {387-417},
	Title = {Elections and Ethnic Civil War},
	Volume = {46},
	Year = {2013}}

@article{CoxKousserMcCubbins2010,
	Author = {Gary W. Cox and Thad Kousser and Matthew D. McCubbins},
	Date-Added = {2015-07-20 00:28:30 +0000},
	Date-Modified = {2015-07-20 00:29:53 +0000},
	Journal = {Journal of Politics},
	Number = {3},
	Pages = {799-811},
	Title = {Party Power or Preferences? Quasi-Experimental Evidence from American State Legislatures},
	Volume = {72},
	Year = {2010}}

@article{DeRouenBercovitch2008,
	Author = {DeRouen, Jr., Karl R. and Jacob Bercovitch},
	Date-Added = {2015-07-20 00:03:03 +0000},
	Date-Modified = {2015-07-20 00:06:49 +0000},
	Journal = {Journal of Peace Research},
	Number = {1},
	Pages = {55-74},
	Title = {Enduring Internal Rivalries: A New Framework for the Study of Civil War},
	Volume = {45},
	Year = {2008}}

@article{DesposatoScheiner2008,
	Author = {Scott Desposato and Ethan Scheiner},
	Date-Added = {2015-07-19 23:23:43 +0000},
	Date-Modified = {2015-07-19 23:25:27 +0000},
	Journal = {American Political Science Review},
	Number = {4},
	Pages = {509-524},
	Title = {Governmental Centralization and Party Affiliation: Legislator Strategies in Brazil and Japan},
	Volume = {102},
	Year = {2008}}

@article{Fearon1994,
	Author = {James D. Fearon},
	Date-Added = {2014-09-24 10:38:51 +0000},
	Date-Modified = {2014-09-24 10:43:23 +0000},
	Journal = {Journal of Conflict Resolution},
	Number = {2},
	Pages = {236-269},
	Title = {Signaling versus the Balance of Power and Interests: An Empirical Test of a Crisis Bargaining Model},
	Volume = {38},
	Year = {1994}}

@article{Firth1993,
	Author = {David Firth},
	Journal = {Biometrika},
	Number = {1},
	Owner = {carlislerainey},
	Pages = {27-38},
	Timestamp = {2014.04.09},
	Title = {Bias Reduction of Maximum Likelihood Estimates},
	Volume = {80},
	Year = {1993}}

@book{Fuhrmann2012,
	Address = {Ithica, NY},
	Author = {Matthew Fuhrmann},
	Date-Added = {2015-07-20 00:33:08 +0000},
	Date-Modified = {2015-08-02 23:42:21 +0000},
	Publisher = {Cornell University Press},
	Title = {How ``Atoms for Peace'' Programs Cause Nuclear Insecurity},
	Year = {2012}}

@article{Gelman2008,
	Author = {Andrew Gelman},
	Date-Added = {2014-09-25 10:31:58 +0000},
	Date-Modified = {2014-09-25 10:34:46 +0000},
	Journal = {Statistics in Medicine},
	Number = {15},
	Pages = {2865-2873},
	Title = {Scaling Regression Inputs by Dividing by Two Standard Deviations},
	Volume = {27},
	Year = {2008}}

@article{Gelmanetal2008,
	Author = {Andrew Gelman and Aleks Jakulin and Maria Grazia Pittau and Yu-Sung Su},
	Journal = {The Annals of Applied Statistics},
	Number = {4},
	Owner = {carlislerainey},
	Pages = {1360-1383},
	Timestamp = {2014.04.07},
	Title = {A Weakly Informative Prior Distribution for Logistic and Other Regression Models},
	Volume = {2},
	Year = {2008}}

@article{GelmanJakulin2007,
	Author = {Andrew Gelman and Aleks Jakulin},
	Date-Added = {2014-10-03 11:47:48 +0000},
	Date-Modified = {2014-10-03 11:50:21 +0000},
	Journal = {Statistica Sinica},
	Number = {2},
	Pages = {422-426.},
	Title = {Bayes: Radical, Liberal, or Conservative?},
	Volume = {17},
	Year = {2007}}

@article{Geyer2009,
	Author = {Charles J. Geyer},
	Date-Added = {2015-07-20 15:55:03 +0000},
	Date-Modified = {2015-07-20 15:56:36 +0000},
	Journal = {Electronic Journal of Statistics},
	Pages = {259-289},
	Title = {Likelihood Inference in Exponential Families and Directions of Recession},
	Volume = {3},
	Year = {2009}}

@book{Gill2008,
	Address = {Boca Raton, FL},
	Author = {Jeff Gill},
	Date-Added = {2009-12-04 13:48:30 -0500},
	Date-Modified = {2009-12-04 13:50:37 -0500},
	Edition = {2nd},
	Publisher = {Chapman and Hall},
	Title = {Bayesian Methods: A Social and Behavioral Science Approach},
	Year = {2008}}

@article{GillWalker2005,
	Author = {Jeff Gill and Lee D. Walker},
	Date-Added = {2014-10-29 10:25:55 +0000},
	Date-Modified = {2014-10-29 10:27:08 +0000},
	Journal = {Journal of Politics},
	Number = {3},
	Pages = {841-872},
	Title = {Elicited Priors for Bayesian Model Specifications in Political Science Research},
	Volume = {67},
	Year = {2005}}

@unpublished{Gross2014,
	Author = {Justin H. Gross},
	Date-Added = {2014-08-22 13:24:23 +0000},
	Date-Modified = {2014-08-22 21:41:49 +0000},
	Note = {Forthcoming in \textit{American Journal of Political Science}},
	Title = {Testing What Matters (If You Must Test at All): A Context-Driven Approach to Substantive and Statistical Significance},
	Year = {2014}}

@article{HeinzeSchemper2002,
	Author = {Georg Heinze and Michael Schemper},
	Journal = {Statistics in Medicine},
	Number = {16},
	Owner = {carlislerainey},
	Pages = {2409-2419},
	Timestamp = {2014.04.07},
	Title = {A Solution to the Problem of Separation in Logistic Regression},
	Volume = {21},
	Year = {2002}}

@article{HellerMershon2008,
	Author = {William B. Heller and Carol Mershon},
	Date-Added = {2015-07-19 23:27:06 +0000},
	Date-Modified = {2015-07-19 23:28:23 +0000},
	Journal = {American Journal of Political Science},
	Number = {4},
	Pages = {910-924},
	Title = {Dealing in Discipline: Party Switching and Legislative Voting in the Italian Chamber of Deputies, 1988-2000},
	Volume = {52},
	Year = {2008}}

@article{Jackman2000,
	Author = {Simon Jackman},
	Date-Added = {2015-08-02 22:34:58 +0000},
	Date-Modified = {2015-08-02 22:34:58 +0000},
	Journal = {American Journal of Political Science},
	Number = {2},
	Pages = {369-398},
	Title = {Estimation and Inference via Bayesian Simulation: An Introduction to Markov Chain Monte Carlo},
	Volume = {44},
	Year = {2000}}

@article{Jeffreys1946,
	Author = {H. Jeffreys},
	Journal = {Proceedings of the Royal Society of London, Series A},
	Number = {1007},
	Owner = {carlislerainey},
	Pages = {453-461},
	Timestamp = {2014.04.07},
	Title = {An Invariant Form of the Prior Probability in Estimation Problems},
	Volume = {186},
	Year = {1946}}

@article{KingTomzWittenberg2000,
	Author = {Gary King and Michael Tomz and Jason Wittenberg},
	Date-Added = {2014-08-22 13:17:50 +0000},
	Date-Modified = {2014-08-22 13:19:27 +0000},
	Journal = {American Journal of Political Science},
	Number = {2},
	Pages = {341-355},
	Title = {Making the Most of Statistical Analyses: Improving Interpretation and Presentation},
	Volume = {44},
	Year = {2000}}

@article{LeemanMares2014,
	Author = {Lucas Leeman and Isabella Mares},
	Date-Added = {2014-10-06 09:13:01 +0000},
	Date-Modified = {2014-10-06 09:14:23 +0000},
	Journal = {Journal of Politics},
	Number = {2},
	Pages = {461-478},
	Title = {The Adoption of Proportional Representation},
	Volume = {76},
	Year = {2014}}

@article{LesaffreAlbert1989,
	Author = {E. Lesaffre and A. Albert},
	Journal = {Journal of the Royal Statistical Society. Series B (Methodological).},
	Number = {1},
	Owner = {carlislerainey},
	Pages = {109-116},
	Timestamp = {2014.04.07},
	Title = {Partial Separation in Logistic Discrimination},
	Volume = {51},
	Year = {1989}}

@book{Mares2015,
	Address = {Cambridge},
	Author = {Isabela Mares},
	Date-Added = {2015-07-20 00:44:15 +0000},
	Date-Modified = {2015-07-20 00:45:50 +0000},
	Publisher = {Cambridge University Press},
	Series = {Cambridge Studies in Comparative Politics},
	Title = {From Open Secrets to Secret Voting: Democratic Electoral Reforms and Voter Autonomy},
	Year = {2015}}

@article{MartinStevenson2001,
	Author = {Lanny W. Martin and Randolph T. Stevenson},
	Date-Added = {2014-09-24 10:41:07 +0000},
	Date-Modified = {2014-09-24 10:42:07 +0000},
	Journal = {American Journal of Political Science},
	Number = {1},
	Pages = {33-50},
	Title = {Government Formation in Parliamentary Democracies},
	Volume = {45},
	Year = {2001}}

@book{McCullaghNelder1989,
	Address = {Boca Raton, FL},
	Author = {Peter McCullagh and John A. Nelder},
	Date-Added = {2014-10-06 09:22:40 +0000},
	Date-Modified = {2014-10-06 09:26:01 +0000},
	Edition = {Second},
	Publisher = {Chapman and Hall},
	Title = {Generalized Linear Models},
	Year = {1989}}

@article{Mearsheimer1993,
	Author = {John J. Mearsheimer},
	Date-Added = {2014-10-24 10:53:43 +0000},
	Date-Modified = {2014-10-24 10:55:10 +0000},
	Journal = {Foreign Affairs},
	Number = {3},
	Pages = {50-66},
	Title = {The Case for a Ukrainian Nuclear Deterrent},
	Volume = {72},
	Year = {1993}}

@article{MinozziVolden2013,
	Author = {William Minozzi and Craig Volden},
	Date-Added = {2015-07-20 00:53:52 +0000},
	Date-Modified = {2015-07-20 00:54:55 +0000},
	Journal = {Journal of Politics},
	Number = {3},
	Pages = {787-802},
	Title = {Who Heeds the Coll of the Party in Congress?},
	Volume = {75},
	Year = {2013}}

@article{Mueller1988,
	Author = {John Mueller},
	Date-Added = {2014-10-24 10:58:49 +0000},
	Date-Modified = {2014-10-24 10:59:40 +0000},
	Journal = {International Security},
	Number = {2},
	Pages = {55-79},
	Title = {The Essential Irrelevance of Nuclear Weapons: Stability in the Postwar World},
	Volume = {13},
	Year = {1988}}

@article{PetersonDrury2011,
	Author = {Timothy M. Peterson and A. Cooper Drury},
	Date-Added = {2015-07-20 00:18:59 +0000},
	Date-Modified = {2015-07-20 00:20:16 +0000},
	Journal = {Journal of Conflict Resolution},
	Number = {4},
	Pages = {580-605},
	Title = {Sanctioning Violence: The Effect of Third-Party Economic Coercion on Militarized Conflict},
	Volume = {55},
	Year = {2011}}

@article{Poirier1994,
	Author = {Dale Poirier},
	Date-Added = {2014-09-24 11:52:17 +0000},
	Date-Modified = {2014-09-24 11:53:33 +0000},
	Journal = {Journal of Econometrics},
	Number = {2},
	Pages = {327-339},
	Title = {Jeffreys' Prior for Logit Models},
	Volume = {63},
	Year = {1994}}

@article{Rainey2014a,
	Author = {Carlisle Rainey},
	Date-Added = {2014-08-22 15:54:55 +0000},
	Date-Modified = {2015-07-27 16:36:49 +0000},
	Journal = {American Journal of Political Science},
	Number = {4},
	Pages = {1083-1091},
	Title = {Arguing for a Negligible Effect},
	Volume = {58},
	Year = {2014}}

@article{Rauchhaus2009,
	Author = {Robert Rauchhaus},
	Journal = {Journal of Conflict Resolution},
	Number = {2},
	Owner = {carlislerainey},
	Pages = {258-278},
	Timestamp = {2014.04.07},
	Title = {Evaluating the Nuclear Peace Hypothesis: A Quantitative Approach},
	Volume = {53},
	Year = {2009}}

@article{Reiter2014,
	Author = {Dan Reiter},
	Date-Added = {2014-10-06 09:10:28 +0000},
	Date-Modified = {2014-10-06 09:11:13 +0000},
	Journal = {Foreign Policy Analysis},
	Number = {1},
	Pages = {61-80.},
	Title = {Security Commitments and Nuclear Proliferation},
	Volume = {10},
	Year = {2014}}

@article{RoccaSanchezMorin2011,
	Author = {Michael S. Rocca and Gabriel R. Sanchez and Jason L. Morin},
	Date-Added = {2015-07-19 23:56:22 +0000},
	Date-Modified = {2015-07-19 23:57:41 +0000},
	Journal = {Political Research Quarterly},
	Number = {4},
	Pages = {897-909},
	Title = {The Institutional Mobility of Minority Members of Congress},
	Volume = {64},
	Year = {2011}}

@article{Sagan1994,
	Author = {Scott D. Sagan},
	Date-Added = {2014-10-24 10:57:57 +0000},
	Date-Modified = {2014-10-24 10:58:36 +0000},
	Journal = {International Security},
	Number = {4},
	Pages = {66-107},
	Title = {The Perils of Proliferation},
	Volume = {18},
	Year = {1994}}

@unpublished{separation-data,
	Author = {Carlisle Rainey},
	Date-Added = {2016-03-02 17:14:32 +0000},
	Date-Modified = {2016-03-02 17:15:43 +0000},
	Journal = {Harvard Dataverse},
	Note = {\url{http://dx.doi.org/10.7910/DVN/VW7G2Q}},
	Title = {Replication Data for: Dealing with Separation in Logistic Regression Models},
	Year = {2016},
	Bdsk-Url-1 = {http://dx.doi.org/10.7910/DVN/VW7G2Q}}

@article{SmithFridkin2008,
	Author = {Daniel A. Smith and Dustin Fridkin},
	Date-Added = {2015-07-19 23:59:15 +0000},
	Date-Modified = {2015-07-20 00:00:36 +0000},
	Journal = {American Political Science Review},
	Number = {333-350},
	Title = {Delegating Direct Democracy: Interparty Legislative Competition and the Adoption of the Initiative in the American States},
	Volume = {102},
	Year = {2008}}

@article{ViningWilhelmCollens2015,
	Author = {Vining, Jr., Richard L. and Teena Wilhelm and Jack D. Collens},
	Date-Added = {2015-07-20 00:38:53 +0000},
	Date-Modified = {2015-07-20 00:41:26 +0000},
	Journal = {State Politics and Policy Quarterly},
	Number = {1},
	Pages = {3-23},
	Title = {A Market-Based Model of State Supreme Court News: Lessons from Captial Cases},
	Volume = {15},
	Year = {2015}}

@article{Weisiger2014,
	Author = {Alex Weisiger},
	Date-Added = {2014-10-06 09:20:00 +0000},
	Date-Modified = {2014-10-06 09:21:33 +0000},
	Journal = {Conflict Management and Peace Science},
	Number = {4},
	Pages = {357-382},
	Title = {Victory Without Peace: Conquest, Insurgency, and War Termination},
	Volume = {31},
	Year = {2014}}

@article{WesternJackman1994,
	Author = {Bruce Western and Simon Jackman},
	Date-Added = {2015-09-07 18:08:43 +0000},
	Date-Modified = {2015-09-07 18:09:43 +0000},
	Journal = {American Political Science Review},
	Number = {2},
	Pages = {412-423},
	Title = {Bayesian Inference for Comparative Research},
	Volume = {88},
	Year = {1994}}

@book{WolfingerRosenstone1980,
	Author = {Raymond E. Wolfinger and Steven J. Rosenstone},
	Date-Added = {2010-04-23 10:42:09 -0400},
	Date-Modified = {2010-04-23 10:43:02 -0400},
	Publisher = {Yale University Press},
	Title = {Who Votes?},
	Year = {1980}}

@article{Zorn2005,
	Author = {Christopher Zorn},
	Journal = {Political Analysis},
	Number = {2},
	Owner = {carlislerainey},
	Pages = {157-170},
	Timestamp = {2014.04.07},
	Title = {A Solution to Separation in Binary Response Models},
	Volume = {13},
	Year = {2005}}
